@book{hachenberger1997finite,
  title={Finite Fields. Normal Bases and Completely Free Elements},
  author={Hachenberger, D.},
  %series={Developments in Molecular and Cellular Biochemistry},
  year={1997},
  publisher={Kluwer Academic Publishers},
  location={Boston}
}

@book{lidl1997finite,
  title={Finite Fields},
  author={Lidl, R. and Niederreiter, H.},
  number={20},
  %series={Encyclopedia of Mathematics and its Applications},
  year={1997},
  publisher={Cambridge University Press},
  location={Cambridge}
}

@incollection{scheerhorn:1996,
 author = {Scheerhorn, Alfred},
 booktitle = {Applications of Finite Fields},
 title = {Dickson Polynomials and Completely Normal Elements over Finite Fields},
 year = {1996},
 pages = {47--55},
 numpages = {9},
 publisher = {Oxford University Press},
 address = {New York},
}

@article{scheerhorn:1997,
  author    = {Alfred Scheerhorn},
  title     = {Dickson Polynomials, Completely Normal Polynomials and the
               Cyclic Module Structure of Specific Extensions of Finite
               Fields},
  journal   = {Des. Codes Cryptography},
  volume    = {9},
  year      = {1996},
  pages     = {193-202},
}


@article{semaev:1989,
  author={I A Semaev},
  title={Construction of polynomials irreducible over a finite field with linearly independent roots},
  journal={Mathematics of the USSR-Sbornik},
  volume={63},
  pages={507},
  year={1989},
}

@article{gao:1997,
    author = {Ian F Blake and Shuhong Gao and Ronald C Mullin},
    title = {Specific irreducible polynomials with linearly independent roots over finite fields},
    journal = {Linear Algebra and its Applications},
    volume = {253},
    pages = {227 - 249},
    year = {1997},
    location = {New York},
    publisher = {American Elsevier}
}

@book{wan2003lectures,
  title={Lectures on Finite Fields and Galois Rings},
  author={Wan, Z.X.},
  isbn={9789812385703},
  lccn={2003278789},
  year={2003},
  publisher={World Scientific},
  location={Singapur}
}

@book{bosch2009algebra,
  title={Algebra},
  author={Siegfried Bosch},
  isbn={9783540928126},
  lccn={2009920199},
  %series={Springer-Lehrbuch},
  year={2009},
  publisher={Springer-Verlag},
  %location={Berlin and Heidelberg}
  location={Berlin}
}

@book{lang2002algebra,
  title={Algebra},
  author={Lang, S.},
  isbn={9780387953854},
  lccn={01054916},
  %series={Graduate Texts in Mathematics},
  year={2002},
  publisher={Springer-Verlag},
  location={New York}
}

@book{hartley1974rings,
  title={Rings, Modules and Linear Algebra},
  author={Hartley, B. and Hawkes, T.O.},
  %series={Chapman and Hall mathematics series},
  year={1983},
  publisher={{Chapman and Hall}},
  %location={London and New York}
  location={London}
}

@book{karpfinger2010algebra,
  title={Algebra. Gruppen - Ringe - Körper},
  author={Karpfinger, C. and Meyberg, K.},
  %isbn={9783827426017},
  year={2010},
  publisher={Spektrum Akademischer Verlag},
  location={Heidelberg}
}


@book{hachenberger2015,
    author={Hachenberger, Dirk and Jungnickel, Dieter},
    title={Topics in Galois Fields},
    publisher={Erscheint bei Springer},
    note={Lehrbuch in Vorbereitung, Version vom 06.03.2014}
}


@book{mullen2013handbook,
  title={Handbook of Finite Fields},
  editor={Mullen, G. and Panario, D.},
  isbn={9781439873786},
  lccn={2013013450},
  %series={Discrete Mathematics and Its Applications},
  year={2013},
  publisher={CRC Press},
  location={Boca Raton}
}

@article{gao1994,
title = "Dickson Polynomials and Irreducible Polynomials Over Finite Fields ",
journal = "Journal of Number Theory ",
volume = "49",
pages = "118 - 132",
year = "1994",
author = "S.H. Gao and G.L. Mullen"
}

@article{blessenohl1986,
title = "Eine Verschärfung des Satzes von der Normalbasis ",
journal = "Journal of Algebra ",
volume = "103",
pages = "141 - 159",
year = "1986",
note = "",
issn = "0021-8693",
author = "Dieter Blessenohl and Karsten Johnsen"
}


@article{lenstra1987,
  author =	"H. W. {Lenstra, Jr.} and R. J. Schoof",
  title =	"Primitive Normal Bases for Finite Fields",
  journal =	"Mathematics of Computation",
  volume =	"48",
  pages =	"217--231",
  %month =	jan,
  year = 	"1987",
}


@article{hachenberger2001,
author = {Hachenberger,Dirk},
title = {Primitive complete normal bases for regular extensions},
journal = {Glasgow Mathematical Journal},
volume = {43},
year = {2001},
pages = {383--398},
numpages = {16},
}

@article{hachenberger2014,
author = {Hachenberger,Dirk},
title = {Asymptotic existence results for primitive completely normal elements in Galois field extensions},
%year = {2014},
note = {Artikel, zur Veröffentlichung eingereicht, 2014}
}

@article{hachenberger2014regexc,
author = {Hachenberger,Dirk},
title = {Primitive complete normal bases for regular extensions: Exceptional cyclotomic modules},
%year = {2014},
note = {Artikel, zur Veröffentlichung eingereicht, 2014}
}

@article{hachenberger2010,
title = "Primitive complete normal bases: Existence in certain 2-power extensions and lower bounds ",
journal = "Discrete Mathematics ",
volume = "310",
pages = "3246 - 3250",
year = "2010",
%note = "Combinatorics 2008 ",
author = "Dirk Hachenberger",
}

@incollection{hachenberger2013handbook,
  author={Dirk Hachenberger},
  title={Completely normal bases},
  booktitle={Handbook of Finite Fields},
  chapter={5.4},
  editor={Mullen, G. and Panario, D.},
  year={2013},
  publisher={CRC Press},
  location={Boca Raton},
  pages={128--138}
}

@book{hachenberger2013vorlesung,
    author={Dirk Hachenberger},
    title={Endliche Körper II},
    year={Sommersemester 2013},
    note={Vorlesungsmitschrift}
}


@article{morgan1996,
    title = {Completely Normal Primitive Basis Generators Of Finite Fields},
    journal = {Utilitas Mathematica},
    pages = {21--43},
    year = {1996},
    author = {Morgan, {Ilene H.} and Mullen, {Gary L.}},
    volume={49}
}


@book{lidl1993dickson,
  title={Dickson polynomials},
  author={Lidl, R. and Mullen, G.L. and Turnwald, G.},
  %series={Pitman monographs and surveys in pure and applied mathematics},
  number={65},
  year={1993},
  publisher={Longman Scientific \& Technical},
  location={Harlow}
}

@incollection{gong2013finite,
  booktitle={Finite Fields and Their Applications: Character Sums and Polynomials},
  author={Huczynska,Sophia},
  title={Existence Results for Finite Field Polynomials with Specified Properties},
  %series={Radon Series on Computational and Applied Mathematics},
  %url={http://books.google.de/books?id=tIvE-qtFwskC},
  editor={Charpin, Pascale and Pott, Alexander and Winterhof, Arne},
  year={2013},
  publisher={De Gruyter},
  location={Berlin},
  pages={65--88},
}


@customa{eisenstein1850,
    author={Eisenstein, G.},
    journal={Journal für die reine und angewandte Mathematik},
    origvolume={39},
    origyear={1850},
    origpages={180--182},
    booktitle={Mathematische Werke, Vol. 2},
    location={Chelsea, New York},
    pages={620--622},
    year={1975}
}

@article{hensel1888,
    author={Hensel, K.},
    title={Über die Darstellung der Zahlen eines Gattungsbereiches für 
        einen beliebigen Primdivisor},
    journal={Journal für die reine und angewandte Mathematik},
    volume={103},
    year={1888},
    pages={230--237}
}

@article{carlitz1952,
    author={Carlitz, L.},
    title={Primitive roots in a finite field},
    journal={Trans. Amer. Math. Soc.},
    year={1952},
    pages={373-–382},
    volume={73}
}

@article{davenport1968,
    author={Davenport, H.},
    title={Bases for finite fields},
    year={1968},
    journal={J. London Math. Soc.},
    volume={43},
    pages={21--39}
}
    
